<?xml version="1.0" encoding="UTF-8"?><record xmlns="http://www.loc.gov/MARC21/slim" xmlns:cinclude="http://apache.org/cocoon/include/1.0" xmlns:zs="http://www.loc.gov/zing/srw/">
  <leader>00870cz  a2200205n  4500</leader>
  <controlfield tag="001">n  85362236 </controlfield>
  <controlfield tag="003">DLC</controlfield>
  <controlfield tag="005">20080827080313.0</controlfield>
  <controlfield tag="008">870219nc acannaabn          |b ana      </controlfield>
  <datafield tag="010" ind1=" " ind2=" ">
    <subfield code="a">n  85362236 </subfield>
  </datafield>
  <datafield tag="035" ind1=" " ind2=" ">
    <subfield code="a">(OCoLC)oca01793471</subfield>
  </datafield>
  <datafield tag="040" ind1=" " ind2=" ">
    <subfield code="a">DLC</subfield>
    <subfield code="b">eng</subfield>
    <subfield code="c">DLC</subfield>
    <subfield code="d">DLC</subfield>
    <subfield code="d">OCoLC</subfield>
  </datafield>
  <datafield tag="110" ind1="2" ind2=" ">
    <subfield code="a">Zhong Mei guan xi shi cong shu bian ji wei yuan hui</subfield>
  </datafield>
  <datafield tag="410" ind1="2" ind2=" ">
    <subfield code="w">nne</subfield>
    <subfield code="a">Chung Mei kuan hsi shih tsʻung shu pien chi wei yüan hui</subfield>
  </datafield>
  <datafield tag="410" ind1="2" ind2=" ">
    <subfield code="a">Zhong Mei guan xi shi cong shu bian wei hui</subfield>
  </datafield>
  <datafield tag="410" ind1="2" ind2=" ">
    <subfield code="a">中美关系史丛书编辑委员会</subfield>
  </datafield>
  <datafield tag="667" ind1=" " ind2=" ">
    <subfield code="a">Machine-derived non-Latin script reference project.</subfield>
  </datafield>
  <datafield tag="667" ind1=" " ind2=" ">
    <subfield code="a">Non-Latin script reference not evaluated.</subfield>
  </datafield>
  <datafield tag="670" ind1=" " ind2=" ">
    <subfield code="a">Chung Mei kuan hsi shih lun wen chi, 1985:</subfield>
    <subfield code="b">t.p. (Chung Mei kuan hsi shih tsʻung shu pien chi wei yüan hui)</subfield>
  </datafield>
  <datafield tag="670" ind1=" " ind2=" ">
    <subfield code="a">Chuan che ti i nien, 1988:</subfield>
    <subfield code="b">t.p. (Chung Mei kuan hsi shih tsʻung shu pien wei hui)</subfield>
  </datafield>
</record>